@STRING{IEEE_J_PWRD       = "{IEEE} Trans. Power Delivery"}
@STRING{IEEE_J_PWRE       = "{IEEE} Trans. Power Electron."}
@STRING{IEEE_J_IA         = "{IEEE} Trans. Ind. Applicat."}
@STRING{IEEE_J_IE         = "{IEEE} Trans. Ind. Electron."}
@STRING{IEEE_J_IM         = "{IEEE} Trans. Instrum. Meas."}
@STRING{IEEE_M_IA         = "{IEEE} Ind. Appl. Mag."}
@STRING{IEEE_M_IM         = "{IEEE} Instrum. Meas. Mag."}
@STRING{IEEE_J_CS         = "{IEEE} Trans. Circuits and Systems"}

@inproceedings{emu1,
      author        = "S. Ben Saoud and B. Dagues and H. Schneider and M. Metz, and J.C. Magiot",
      title         = "Real Time Emulator of Static Converters/Electrical Machines Application to the Test of Control Unit",
      journal       = ISIE,
      year          = "1996",
      pages         = "856-861"
      };
@inproceedings{emu2,
      author        = "M. Rodic and K. Jezemik and M. Trlep",
      title         = "Dynamic emulation of mechanical loads: an advanced approach",
      booktitle     = "Proc. {IEE} Electr. Power Appl.",
      volume	    = "153",
      number        = "2",
      month         = mar,
      year          = "2006",
      pages         = "159-166"
      };
@inproceedings{jack,
      author        = "A.G. Jack and D. J. Atkinson and H. J. Slater",
      title         = "Real-time emulation for power equipment development. Part 1: Real-time simulation",
      booktitle     = "Proc. {IEE} Electr. Power Appl.",
      volume	    = "145",
      number        = "2",
      month         = mar,
      year          = "1998",
      pages         = "92-97"
      };
@inproceedings{slater,
      author        = "H. J. Slater and D. J. Atkinson and A.G. Jack",
      title         = "Real-time emulation for power equipment development. Part 2: The virtual machine",
      booktitle     = "Proc. {IEE} Electr. Power Appl.",
      volume	    = "145",
      number        = "3",
      month         = may,
      year          = "1998",
      pages         = "153-158"
      };
@article{joep,
      author        = "Joep Jacobs and Dirk Detjen and Claus-Ulrich Karipidis and Rik W. De Doncker",
      title         = "Rapid prototyping tools for power electronic systems: Demonstration with shunt active power filters",
      journal       = IEEE_J_PWRE,
      volume        = "19",
      number        = "2",
      month         = mar,
      year          = "2004",
      pages         = "500-507"
      };
@article{anto1,
      author        = "Antonello Monti and Enrico Santi and Roger A. Dougal and Marco Riva",
      title         = "Rapid prototyping of digital controls for power electronics",
      journal       = IEEE_J_PWRE,
      volume        = "18",
      number        = "3",
      month         = may,
      year          = "2003",
      pages         = "915-923"
      };
@article{sim1,
      author        = "Ram Kelkar and Ronnie A. Wunderlich and Leonard J. Hitchcock",
      title         = "Software breadboards for power electronics circuits",
      journal       = IEEE_J_PWRE,
      volume        = "6",
      number        = "2",
      month         = apr,
      year          = "1991",
      pages         = "170-179"
      }; 
@article{sim2,
      author        = "H. Jin",
      title         = "Behavior-mode Simulation of power electronics circuits",
      journal       = IEEE_J_PWRE,
      volume        = "12",
      number        = "3",
      month         = may,
      year          = "1997",
      pages         = "443-453"
      };  
@inproceedings{sim3,
      author        = "Z. M. Zhao and S. Meng and X. N. Yue",
      title         = "A flexible virtual system for real time simulation and evaluation of motor drives",
      booktitle     = "Proc. {IEEE} Int. Conference on Power Electron Drive Systems",
      year          = "1999",
      pages         = "361-365"
      }; 
@article{sim4,
      author        = "V. R. Dinavahi and M. R. Iravani and R. Bonert",
      title         = "Real-time digital simulation of power electronic apparatus interfaced with digital controllers",
      journal       = IEEE_J_PWRD,
      volume        = "16",
      number        = "4",
      month         = oct,
      year          = "2001",
      pages         = "775-781"
      };   
@inproceedings{sim5,
      author        = "S. Abourida and C. Dufour and J. Belanger and G. Murere and N. Lechevin and Y. Biao",
      title         = "Real-time PC-based simulator of electric systems and driver",
      booktitle     = "Proc. {IEEE} Appl. Power Electron. Conf.",
      year          = "2002",
      pages         = "433-438"
      };  
@article{sim6,
      author        = "Qiong M. Li and Fred C. Lee and Thomas G. Wilson Jr.",
      title         = "Design verification and testing of power supply system by using virtual prototype",
      journal       = IEEE_J_PWRE,
      volume        = "18",
      number        = "3",
      month         = may,
      year          = "2003",
      pages         = "733-740"
      };   
@article{sim7,
      author        = "Bruno Busco and Pompeo Marino and Mario Porzio and Roberta Schiavo and Francesco Vasca",
      title         = "Digital control and simulation for power electronic apparatus in dual voltage railway locomotive",
      journal       = IEEE_J_PWRE,
      volume        = "18",
      number        = "5",
      month         = sep,
      year          = "2003",
      pages         = "1146-1158"
      };    
@article{sim8,
      author        = "R. Champagne and L.-A. Dessaint and H. Fortin-Blanchette and G. Sybille",
      title         = "Analysis and validation of a real-time AC drive simulator",
      journal       = IEEE_J_PWRE,
      volume        = "19",
      number        = "2",
      month         = mar,
      year          = "2004",
      pages         = "336-345"
      };     
@article{sim9,
      author        = "G.G. Parma and V. Dinavahi",
      title         = "Real-Time Digital Hardware Simulation of Power Electronics and Drives",
      journal       = IEEE_J_PWRD,
      volume        = "22",
      number        = "2",
      month         = apr,
      year          = "2007"
      };    
@inproceedings{hil1,
      author        = "B. Lu and A. Monti and R. Dougal",
      title         = "Real-time hardware-in-the-loop testing  during design of power electronics controls",
      booktitle     = "Proc. {IEEE} IECON",
      volume        = "2",
      month         = nov,
      year          = "2003",
      pages         = "1840-1845"
      };  
@inproceedings{hil2,
      author        = "X. Wu and A. Monti",
      title         = "Methods for partitioning the system and performance evaluation in power-hardware-in-the-loop  emulations—Part I and II",
      booktitle     = "Proc. {IEEE} IECON",
      month         = nov,
      year          = "2005",
      pages         = "251-262"
      };   
@article{hil3,
      author        = "Bin Lu and Xin Wu and Hernan Figueroa and Antonello Monti",
      title         = "A Low-Cost Real-Time Hardware-in-the-Loop Testing Approach of Power Electronics Controls",
      journal       = IEEE_J_IE,
      volume        = "54",
      number        = "2",
      month         = apr,
      year          = "2007",
      pages         = "449-454"
      }; 
@article{hil4,
      author        = "Hui Li, Mischa Steurer and K. L. Shi and Steve Woodruff and Da Zhang",
      title         = "Development of a Uniﬁed Design, Test, and Research Platform for Wind Energy Systems Based on Hardware-in-the-Loop Real-Time Simulation",
      journal       = IEEE_J_IE,
      volume        = "53",
      number        = "4",
      month         = apr,
      year          = "2006",
      pages         = "1144-1151"
      };  
@inproceedings{hil5,
      author        = "W. Ren and M. Steurer and L. Qi",
      title         = "Evaluating dynamic performance of modern electric drives via power-hardware-in-the-loop simulation",
      booktitle     = "Proc. {IEEE} International Symposium on Industrial Electronics",
      month         = jun,
      year          = "2008",
      pages         = "2201-2206"
      };   
@article{blasko,
      author        = "V. Kaura and V. Blasko",
      title         = "Operation of a phase locked loop system under distorted utility conditions",
      journal       = IEEE_J_IA,
      volume        = "33",
      number        = "1",
      month         = jan # "/" # feb,
      year          = "1997",
      pages         = "58-63"
      };   
@inproceedings{lee,
      author        = "S. J. Lee and J. K. Kang and S. K. Sul",
      title         = "A new phase detecting method for power conversion systems considering distorted conditions in power system",
      booktitle     = "Proc. {IEEE} Industry Applications Conference",
      volume        = "4",
      month         = oct,
      year          = "1999",
      pages         = "2167-2172"
      };   
@article{chung,
      author        = "Se-Kyo Chung",
      title         = "A Phase Tracking System for Three Phase Utility Interface Inverters",
      journal       = IEEE_J_PWRE,
      volume        = "15",
      number        = "3",
      month         = may,
      year          = "2000",
      pages         = "431-438"
      };      
@article{karimi,
      author        = "M. Karimi Ghartemani",
      title         = "A Novel Three-Phase Magnitude-Phase Utility Interface Inverters",
      journal       = IEEE_J_CS,
      volume        = "54",
      number        = "8",
      month         = aug,
      year          = "2006",
      pages         = "1792-1802"
      };       
@article{mari,
      author        = "Marian P. Kazmierkowski and Luigi Malesani",
      title         = "Current control techniques for three-phase voltage-source PWM converters: A survey",
      journal       = IEEE_J_IA,
      volume        = "45",
      number        = "5",
      month         =  oct,
      year          = "1998",
      pages         = "691-702"
      };    
@article{rowa,
      author        = "T. M. Rowan and R. J. Kerkman",
      title         = "A new synchronous current regulator and an analysis of current regulated PWM inverters",
      journal       = IEEE_J_IA,
      volume        = "22",
      month         =  jul # "/" # aug,
      year          = "1986",
      pages         = "678-690"
      };     
@article{brod,
      author        = "D. M. Brod and D. W. Novotny",
      title         = "Current control of VSI-PWM inverters",
      journal       = IEEE_J_IA,
      volume        = "21",
      month         =  jul # "/" # aug,
      year          = "1985",
      pages         = "562-570"
      };      
@article{vassi,
      author        = "Vassilios G. Agelidis, Phoivos D. Ziogas and Geza Joos",
      title         = "Dead-band PWM switching patterns",
      journal       = IEEE_J_PWRE,
      volume        = "11",
      number        = "4",
      month         = jul,
      year          = "1996",
      pages         = "522-532"
      };  
@article{chun,
      author        = "Chun T. Rim and Nam S. Choi and Guk C. Cho and Gyu H. Cho",
      title         = "A complete DC and AC analysis of three phase controlled-current PWM rectifier using circuit D-Q transformation",
      journal       = IEEE_J_PWRE,
      volume        = "9",
      number        = "4",
      month         = jul,
      year          = "1994"
      };   
@article{van,
      author        = "H. W. Van der Broeck and H. Ch. Skudelny and G. Stanke",
      title         = "Analysis and realization of a pulse width modulator based on voltage space vectors",
      journal       = IEEE_J_IA,
      volume        = "24",
      month         =  jan # "/" # feb,
      year          = "1988",
      pages         = "142-150"
      };       
@article{scha,
      author        = "D. Schauder and R. Caddy",
      title         = "Current control of voltage-source inverters for fast four-quadrant drive performance",
      journal       = IEEE_J_IA,
      volume        = "18",
      month         =  jan # "/" # feb,
      year          = "1982",
      pages         = "163-171"
      };        
@inproceedings{lcl1,
      author        = "F. Huerta and S. Cobreces and E. Bueno and F.J. Rodríguez and F.Espinosa and C. Girón",
      title         = "Control of Voltage Source Converters with LCL Filter using State-Space Techniques",
      booktitle     = "Proc. {IEEE} IECON",
      month         = nov,
      year          = "2008",
      pages         = "647-652"
      };   
@inproceedings{lcl2,
      author        = "Alex-Sander A. Luiz and Braz J. Cardoso Filho and Braz J. Cardoso Filho",
      title         = "Analysis of Passive Filters for High Power Three-level Rectifiers",
      booktitle     = "Proc. {IEEE} IECON",
      month         = nov,
      year          = "2008",
      pages         = "3207-3212"
      };    
@article{lcl3,
      author        = "Marco Liserre and Frede Blaabjerg and Steffan Hansen",
      title         = "Design and Control of an LCL-Filter-Based Three-Phase Active Rectiﬁer",
      journal       = IEEE_J_IA,
      volume        = "41",
      number        = "5",
      month         =  sep,
      year          = "2005",
      pages         = "1281-1291"
      };      
@article{lcl4,
      author        = "E. Wu, and P.W. Lehn",
      title         = "Digital current control of a voltage source converter with active damping of LCL resonance",
      journal       = IEEE_J_PWRE,
      volume        = "21",
      number        = "5",
      month         =  sep,
      year          = "2006",
      pages         = "1364-1373"
      };      
@article{juin,
      author        = "Juinne Ching Liao and Sheng Nian Yeh",
      title         = "A novel instantaneous power control strategy and analytic model for integrated rectifier/inverter systems",
      journal       = IEEE_J_PWRE,
      volume        = "15",
      number        = "6",
      month         =  nov,
      year          = "2000",
      pages         = "996-1007"
      };      
@inproceedings{rrs,
      author        = "R. R. Sawant and M. C. Chandorkar",
      title         = "A Multi-functional Power Electronic Compensator using Instantaneous p-q-r Theory",
      booktitle     = "Proc. {NPEC} 2nd National Power Electronic Conference",
      address       = "Indian Institute of Technology, Kharagpur, India",
      month         = dec,
      year          = "2005",
      pages         = "321-326"
      };        
@article{dsp1,
      author        = "M. Boussak and K. Jarray",
      title         = "A high-performance sensor less indirect stator ﬂux orientation control of induction motor drive",
      journal       = IEEE_J_IE,
      volume        = "53",
      number        = "1",
      month         =  feb,
      year          = "2006",
      pages         = "41-49"
      };       
@article{dsp2,
      author        = "M. J. Duran and J. L. Duran and F. Perez and J. Fernandez",
      title         = "Induction motor sensor less vector control with on line parameter estimation and over current protection",
      journal       = IEEE_J_IE,
      volume        = "53",
      number        = "1",
      month         =  feb,
      year          = "2006",
      pages         = "154-161"
      };        
@article{fpga1,
      author        = "Ying-Yu Tzou and Hau-Jean Hsu",
      title         = "FPGA realization of space-vector PWM control IC for three-phase PWM inverters",
      journal       = IEEE_J_PWRE,
      volume        = "12",
      number        = "6",
      month         =  nov,
      year          = "1997",
      pages         = "953-963"
      };         
@article{fpga2,
      author        = "Shih Liang Jung and Meng Yueh Chang and Jin Yi Jyang and Li Chia Yeh and Ying Yu Tzou",
      title         = "Design and implementation of an FPGA based control IC for AC-voltage regulation",
      journal       = IEEE_J_PWRE,
      volume        = "14",
      number        = "3",
      month         =  may,
      year          = "1999",
      pages         = "522-533"
      };    
@article{fpga3,
      author        = "E. Monmasson and M. N. Cirstea",
      title         = "FPGA design methodology for industrial control systems—A review",
      journal       = IEEE_J_IE,
      volume        = "54",
      number        = "4",
      month         =  aug,
      year          = "2007",
      pages         = "1824-1842"
      };       
@article{fpga4,
      author        = "Y. F. Chan and M. Moallem and W. Wang",
      title         = "Design and implementation of modular FPGA-based PID controllers",
      journal       = IEEE_J_IE,
      volume        = "54",
      number        = "4",
      month         =  aug,
      year          = "2007",
      pages         = "1898-1906"
      };        
@inproceedings{fpga5,
      author        = "C. Dufour and J. Bélanger and S. Abourida and V. Lapointe",
      title         = "FPGA-Based Real-Time Simulation of Finite Element Analysis Permanent Magnet Synchronous Machine Drives",
      booktitle     = "Proc. {NPEC} PESC'07",
      address       = "Orlando, Florida",
      month         = jun,
      year          = "2007"
      };    
@article{fpga6,
      author        = "Da Zhang and Hui Li",
      title         = "A Stochastic-Based FPGA Controller for an Induction Motor Drive With Integrated Neural Network Algorithms",
      journal       = IEEE_J_IE,
      volume        = "55",
      number        = "2",
      month         =  feb,
      year          = "2008",
      pages         = "551-561"
      };     
@inproceedings{dsp_fpga1,
      author        = "Bester D. D. and du Toit J. A. and Enslin J. H. R.",
      title         = "High performance DSP/FPGA controller for  implementation of computational intensive applications",
      booktitle     = "Proc. {IEEE} ISIE",
      volume        = "1",
      number        = "3",
      year          = "1998",
      pages         = "240-244"
      };   
@article{dsp_fpga2,
      author        = "S. Jung and S. S. Kim",
      title         = "Hardware implementation of a real-time neural network controller with a DSP and an FPGA for nonlinear systems",
      journal       = IEEE_J_IE,
      volume        = "54",
      number        = "1",
      month         =  feb,
      year          = "2007",
      pages         = "265-271"
      };      
@inproceedings{ysr,
      author        = "Y. Srinivasa Rao and M. C. Chandorkar",
      title         = "Numerical Integration Methods for Digital Power Electronics and Electrical Drives",
      booktitle     = "Proc. {CIEE} National Conference on Computational Intelligence for Electrical Engineering",
      address       = "Sant Longowal Institute of Engg. and Tech., Punjab, India",
      month         = nov,
      year          = "2005",
      pages         = "265-271"
      };     
@inproceedings{krause,
      author        = "P. C. Krause and O. Wasynczuk and S. D. Sudhoff",
      title         = "Analysis of electric machinery",
      booktitle     = "Proc. {IEEE Press} National Conference on Computational Intelligence for Electrical Engineering",
      year          = "1995"
      };      
@inproceedings{brown,
      author        = "Brown J. E. and Kovacs K. P. and Vas P.",
      title         = "A method of including the effects of main flux path saturation in the generalized equations of AC machines",
      booktitle     = "Proc. {IEEE} PAS-102",
      year          = "1983",
      pages         = "96-103"
      };     
@inproceedings{melk,
      author        = "Melkebeek J. A. A. and Novotny D. W.",
      title         = "The influence of saturation of induction machine drive dynamics",
      booktitle     = "Proc. {IEEE} IA-19(5)",
      year          = "1983",
      pages         = "671-681"
      };     
@article{ranga,
      author        = "Rangarajan M. Tallam and Thomas G. Habetler and Ronald G. Harley",
      title         = "Transient Model for Induction Machines With Stator Winding Turn Faults",
      journal       = IEEE_J_IA,
      volume        = "38",
      number        = "3",
      month         =  may # "/" # jun,
      year          = "2002",
      pages         = "632-637"
      };     
@article{pan,
      author        = "C. T. Pan and T. Y. Chang",
      title         = "An improved hysteresis current controller for reducing switching frequency",
      journal       = IEEE_J_PWRE,
      volume        = "9",
      month         =  jan,
      year          = "1994",
      pages         = "97-104"
      };     
@inproceedings{male,
      author        = "L. Malesani and P. Mattavelli and P. Tomasin",
      title         = "High-performance hysteresis modulation technique for active filters",
      booktitle     = "Proc. {IEEE}  conference",
      year          = "1996",
      pages         = "939-946"
      };    
@inproceedings{sona,
      author        = "L. Sonaglioni",
      title         = "Predictive digital hysteresis current control",
      booktitle     = "Proc. {IEEE}  conference",
      year          = "1995",
      pages         = "1879-1886"
      };     
@article{kwon,
      author        = "B. H. Kwon and T. W. Kim and J. H. Youn",
      title         = "A novel SVM-based hysteresis current controller",
      journal       = IEEE_J_PWRE,
      volume        = "13",
      month         =  mar,
      year          = "1998",
      pages         = "297-307"
      };     
@inproceedings{matta,
      author        = "L. Malesani and P. Mattavelli and P. Tomasin",
      title         = "Improved constant frequency hysteresis current control of VSI inverters with simple feed-forward bandwidth prediction",
      booktitle     = "Proc. {IEEE}  conference",
      year          = "1995",
      pages         = "2633-2640"
      };   
@article{paolo,
      author        = "Luigi Malesani and Paolo Tenti",
      title         = "A novel hysteresis control method for current-controlled voltage-source PWM inverters with constant modulation frequency",
      journal       = IEEE_J_IA,
      volume        = "26",
      number        = "1",
      month         =  jan # "/" # feb,
      year          = "1990",
      pages         = "88-92"
      };      
@article{sepe,
      author        = "R. B. Sepe and J. H. Lang",
      title         = "Inverter non-linearities and discrete-time vector current control",
      journal       = IEEE_J_IA,
      volume        = "30",
      month         =  jan # "/" # feb,
      year          = "1994",
      pages         = "62-70"
      };      
@article{toshi,
      author        = "Toshiya Ohnuki and Osamu Miyashita and Philippe Lataire and Gaston Maggetto",
      title         = "Control of a three-phase PWM rectifier using estimated AC-side and DC-side voltages",
      journal       = IEEE_J_PWRE,
      volume        = "14",
      number        = "2",
      month         =  mar,
      year          = "1999",
      pages         = "222-227"
      };    
@article{choon,
      author        = "Dong Choon Lee and Dae Sik Lim",
      title         = "AC voltage and current sensor less control of three-phase PWM rectifier",
      journal       = IEEE_J_PWRE,
      volume        = "17",
      number        = "6",
      month         =  nov,
      year          = "2002",
      pages         = "883-891"
      };     
@article{luig,
      author        = "Luigi Malesani, Paolo Mattavelli and Simone Buso",
      title         = "Robust Deadbeat Current Control for PWM Rectifiers and Active Filters",
      journal       = IEEE_J_IA,
      volume        = "35",
      number        = "3",
      month         =  may # "/" # jun,
      year          = "1999",
      pages         = "613-620"
      };    
@article{thom,
      author        = "Thomas G. Habetler",
      title         = "A space vector-based rectifier regulator for AC/DC/AC converters",
      journal       = IEEE_J_PWRE,
      volume        = "8",
      number        = "1",
      month         =  jan,
      year          = "1993"
      };     
 
@inproceedings{holm,
      author        = "D. G. Holmes and D. A. Martin",
      title         = "Implementation of a direct digital predictive current controller for single and three phase voltage source inverters",
      booktitle     = "Proc. {IEEE}  conference",
      year          = "1996",
      pages         = "906-909"
      };   
@article{shin,
      author        = "Shin-ichi Hamasaki Hamasaki and Atsuo Kawamura",
      title         = "Improvement of current regulation of line-current-detection-type active filter based on deadbeat control",
      journal       = IEEE_J_IA,
      volume        = "39",
      number        = "2",
      month         =  mar # "/" # apr,
      year          = "2003",
      pages         = "536-540"
      };     
@article{simo,
      author        = "Simone Buso and Luigi Malesani and Paolo Mattavelli",
      title         = "Design and fully digital control of parallel active filters for thyristor rectifiers to comply with IEC-1000-3-2 standards",
      journal       = IEEE_J_IA,
      volume        = "34",
      number        = "3",
      month         =  may # "/" # jun,
      year          = "1998",
      pages         = "508-517"
      };      
@article{osma,
      author        = "Osman Kukrer",
      title         = "Deadbeat control of a three-phase inverter with an output LC filter",
      journal       = IEEE_J_PWRE,
      volume        = "11",
      number        = "1",
      month         =  jan,
      year          = "1996"
      pages         = "16-24"
      };      
@article{dong,
      author        = "Dong Seong Oh and Kwan Yuhl Cho and Myung Joong Youn",
      title         = "A discretized current control technique with delayed input voltage feedback for a voltage-fed PWM inverter",
      journal       = IEEE_J_PWRE,
      volume        = "7",
      number        = "2",
      month         =  apr,
      year          = "1992"
      pages         = "364-374"
      };       
@article{lazh,
      author        = "Lazhar Ben-Brahim and Atsuo Kawamura",
      title         = "Digital control of induction motor current with deadbeat response using predictive state observer",
      journal       = IEEE_J_PWRE,
      volume        = "7",
      number        = "3",
      month         =  jul,
      year          = "1992"
      };     
@article{taka,
      author        = "Takao Kawabata, Takeshi Miyashita and Yushin Yamamoto",
      title         = "Deadbeat control of three phase PWM inverter",
      journal       = IEEE_J_PWRE,
      volume        = "5",
      number        = "1",
      month         =  jan,
      year          = "1990"
      pages         = "21-29"
      };        
@article{kojabadi,
      author        = "H. M. Kojabadi, Idris A. Gadoura, Liuchen Chang, and Mohsen Ghribi",
      title         = "Novel DSP-Based current controlled PWM Strategy",
      journal       = IEEE_J_PWRE,
      volume        = "21",
      number        = "4",
      month         =  jul,
      year          = "2006"
      pages         = "21-29"
      };       
@article{flux,
      author        = "M. C. Chandorkar",
      title         = "New Technique for Inverter Flux Control",
      journal       = IEEE_J_IA,
      volume        = "37",
      number        = "3",
      month         =  may # "/" # jun,
      year          = "2001",
      pages         = "880-887"
      };       
@inproceedings{komu,
      author        = "Komurcugil H, Kukrer O and Doganalp A",
      title         = "Optimal control for single-phase UPS inverters based on linear quadratic regulator approach",
      booktitle     = "Proc. {IEEE} International Symposium on Power Electronics, Electrical Drives, Automation and Motion SPEEDAM-06",
      month         =  may,
      year          = "2006",
      pages         = "1137-1142"
      };   
@article{frank,
      author        = "Frank H. F. Leung and Peter K. S . Tam and C. K. Li",
      title         = "An Improved LQR-based Controller for Switching Dc-dc Converters",
      journal       = IEEE_J_IE,
      volume        = "40",
      number        = "5",
      month         =  oct,
      year          = "1993"
      pages         = "521-528"
      };        
@article{murata,
      author        = "Toshiaki Murata and Takeshi Tsuchiya and Kuo Takeda",
      title         = "Vector Control for Induction Machine on the Application of Optimal Control Theory",
      journal       = IEEE_J_IE,
      volume        = "37",
      number        = "4",
      month         =  aug,
      year          = "1990"
      pages         = "283-290"
      };    
  
